@article{RN39,
   title = {Mobile phone data and COVID-19: Missing an opportunity?},
   type = {Journal Article}
}

@article{RN72,
   author = {A, Abbasian Ardakani and UR, Acharya and S, Habibollahi and A, Mohammadi},
   title = {COVIDiag: a clinical CAD system to diagnose COVID-19 pneumonia based on CT findings},
   journal = {European radiology},
   ISSN = {1432-1084},
   DOI = {10.1007/s00330-020-07087-y},
   url = {https://www.ncbi.nlm.nih.gov/pubmed/32740817
https://www.ncbi.nlm.nih.gov/pmc/articles/PMC7395802/pdf/330_2020_Article_7087.pdf},
   year = {2020},
   type = {Journal Article}
}

@article{RN74,
   author = {A, Duca and S, Piva and E, Foc√† and N, Latronico and M, Rizzi},
   title = {Calculated Decisions: Brescia-COVID Respiratory Severity Scale (BCRSS)/Algorithm},
   journal = {Emergency medicine practice},
   volume = {22},
   number = {5 Suppl},
   ISSN = {1559-3908},
   url = {https://www.ncbi.nlm.nih.gov/pubmed/32297727},
   year = {2020},
   type = {Journal Article}
}

@article{RN110,
   author = {Abdulaal, A. and Patel, A. and Charani, E. and Denny, S. and Mughal, N. and Moore, L.},
   title = {Prognostic Modeling of COVID-19 Using Artificial Intelligence in the United Kingdom: Model Development and Validation},
   journal = {J Med Internet Res},
   volume = {22},
   number = {8},
   pages = {e20259},
   ISSN = {1438-8871 (Electronic)
1438-8871 (Linking)},
   DOI = {10.2196/20259},
   url = {https://www.ncbi.nlm.nih.gov/pubmed/32735549},
   year = {2020},
   type = {Journal Article}
}

@misc{RN18,
   pages = {19-21},
   DOI= {10.1109/iCMLDE.2018.00014},
   url = {https://ieeexplore.ieee.org/ielx7/8613698/8613983/08613997.pdf?tp=&arnumber=8613997&isnumber=8613983&ref=},
   year = {2018},
   type = {Conference Paper}
}

@inbook{RN33,
   author = {Alessa, Ali and Faezipour, Miad},
   title = {Tweet Classification Using Sentiment Analysis Features and TF-IDF Weighting for Improved Flu Trend Detection},
   booktitle = {Machine Learning and Data Mining in Pattern Recognition},
   series = {Lecture Notes in Computer Science},
   chapter = {Chapter 15},
   pages = {174-186},
   ISBN = {978-3-319-96135-4
978-3-319-96136-1},
   DOI = {10.1007/978-3-319-96136-1_15},
   url = {https://link.springer.com/content/pdf/10.1007%2F978-3-319-96136-1_15.pdf},
   year = {2018},
   type = {Book Section}
}

@article{RN104,
   author = {Alimadadi, A. and Aryal, S. and Manandhar, I. and Munroe, P. B. and Joe, B. and Cheng, X.},
   title = {Artificial intelligence and machine learning to fight COVID-19},
   journal = {Physiol Genomics},
   volume = {52},
   number = {4},
   pages = {200-202},
   ISSN = {1531-2267 (Electronic)
1094-8341 (Linking)},
   DOI = {10.1152/physiolgenomics.00029.2020},
   url = {https://www.ncbi.nlm.nih.gov/pubmed/32216577
https://journals.physiology.org/doi/pdf/10.1152/physiolgenomics.00029.2020},
   year = {2020},
   type = {Journal Article}
}

@article{RN63,
   author = {Allam, M. and Cai, S. and Ganesh, S. and Venkatesan, M. and Doodhwala, S. and Song, Z. and Hu, T. and Kumar, A. and Heit, J. and Study Group, C. and Coskun, A. F.},
   title = {COVID-19 Diagnostics, Tools, and Prevention},
   journal = {Diagnostics (Basel)},
   volume = {10},
   number = {6},
   ISSN = {2075-4418 (Print)
2075-4418 (Linking)},
   DOI = {10.3390/diagnostics10060409},
   url = {https://www.ncbi.nlm.nih.gov/pubmed/32560091
https://res.mdpi.com/d_attachment/diagnostics/diagnostics-10-00409/article_deploy/diagnostics-10-00409-v2.pdf},
   year = {2020},
   type = {Journal Article}
}

@article{RN125,
   author = {Almuhaideb, Sarab and Menai, Mohamed El Bachir},
   title = {Impact of preprocessing on medical data classification},
   journal = {Frontiers of Computer Science},
   volume = {10},
   number = {6},
   pages = {1082-1102},
   ISSN = {2095-2228
2095-2236},
   DOI = {10.1007/s11704-016-5203-5},
   url = {https://link.springer.com/content/pdf/10.1007/s11704-016-5203-5.pdf},
   year = {2016},
   type = {Journal Article}
}

@article{RN97,
   author = {Ardakani, A. A. and Kanafi, A. R. and Acharya, U. R. and Khadem, N. and Mohammadi, A.},
   title = {Application of deep learning technique to manage COVID-19 in routine clinical practice using CT images: Results of 10 convolutional neural networks},
   journal = {Comput Biol Med},
   volume = {121},
   pages = {103795},
   ISSN = {1879-0534 (Electronic)
0010-4825 (Linking)},
   DOI = {10.1016/j.compbiomed.2020.103795},
   url = {https://www.ncbi.nlm.nih.gov/pubmed/32568676
https://www.ncbi.nlm.nih.gov/pmc/articles/PMC7190523/pdf/main.pdf},
   year = {2020},
   type = {Journal Article}
}

@article{RN112,
   author = {Assaf, D. and Gutman, Y. and Neuman, Y. and Segal, G. and Amit, S. and Gefen-Halevi, S. and Shilo, N. and Epstein, A. and Mor-Cohen, R. and Biber, A. and Rahav, G. and Levy, I. and Tirosh, A.},
   title = {Utilization of machine-learning models to accurately predict the risk for critical COVID-19},
   journal = {Intern Emerg Med},
   ISSN = {1970-9366 (Electronic)
1828-0447 (Linking)},
   DOI = {10.1007/s11739-020-02475-0},
   url = {https://www.ncbi.nlm.nih.gov/pubmed/32812204
https://www.ncbi.nlm.nih.gov/pmc/articles/PMC7433773/pdf/11739_2020_Article_2475.pdf},
   year = {2020},
   type = {Journal Article}
}

@article{RN85,
   author = {Bai, H. X. and Wang, R. and Xiong, Z. and Hsieh, B. and Chang, K. and Halsey, K. and Tran, T. M. L. and Choi, J. W. and Wang, D. C. and Shi, L. B. and Mei, J. and Jiang, X. L. and Pan, I. and Zeng, Q. H. and Hu, P. F. and Li, Y. H. and Fu, F. X. and Huang, R. Y. and Sebro, R. and Yu, Q. Z. and Atalay, M. K. and Liao, W. H.},
   title = {Artificial Intelligence Augmentation of Radiologist Performance in Distinguishing COVID-19 from Pneumonia of Other Origin at Chest CT},
   journal = {Radiology},
   volume = {296},
   number = {3},
   pages = {E156-E165},
   ISSN = {1527-1315 (Electronic)
0033-8419 (Linking)},
   DOI = {10.1148/radiol.2020201491},
   url = {https://www.ncbi.nlm.nih.gov/pubmed/32339081
https://www.ncbi.nlm.nih.gov/pmc/articles/PMC7233483/pdf/radiol.2020201491.pdf},
   year = {2020},
   type = {Journal Article}
}

@article{RN87,
   author = {Bansal, A. and Padappayil, R. P. and Garg, C. and Singal, A. and Gupta, M. and Klein, A.},
   title = {Utility of Artificial Intelligence Amidst the COVID 19 Pandemic: A Review},
   journal = {J Med Syst},
   volume = {44},
   number = {9},
   pages = {156},
   ISSN = {1573-689X (Electronic)
0148-5598 (Linking)},
   DOI = {10.1007/s10916-020-01617-3},
   url = {https://www.ncbi.nlm.nih.gov/pubmed/32740678
https://www.ncbi.nlm.nih.gov/pmc/articles/PMC7395799/pdf/10916_2020_Article_1617.pdf},
   year = {2020},
   type = {Journal Article}
}

@misc{RN35,
   pages = {1-7},
   DOI= {10.1109/cibcb.2017.8058551},
   url = {https://ieeexplore.ieee.org/ielx7/8052580/8058518/08058551.pdf?tp=&arnumber=8058551&isnumber=8058518&ref=},
   year = {2017},
   type = {Conference Paper}
}

@article{RN101,
   author = {Belfiore, M. P. and Urraro, F. and Grassi, R. and Giacobbe, G. and Patelli, G. and Cappabianca, S. and Reginelli, A.},
   title = {Artificial intelligence to codify lung CT in Covid-19 patients},
   journal = {Radiol Med},
   volume = {125},
   number = {5},
   pages = {500-504},
   ISSN = {1826-6983 (Electronic)
0033-8362 (Linking)},
   DOI = {10.1007/s11547-020-01195-x},
   url = {https://www.ncbi.nlm.nih.gov/pubmed/32367319
https://www.ncbi.nlm.nih.gov/pmc/articles/PMC7197034/pdf/11547_2020_Article_1195.pdf},
   year = {2020},
   type = {Journal Article}
}

@article{RN56,
   author = {Chae, S. and Kwon, S. and Lee, D.},
   title = {Predicting Infectious Disease Using Deep Learning and Big Data},
   journal = {Int J Environ Res Public Health},
   volume = {15},
   number = {8},
   ISSN = {1660-4601 (Electronic)
1660-4601 (Linking)},
   DOI = {10.3390/ijerph15081596},
   url = {https://www.ncbi.nlm.nih.gov/pubmed/30060525
https://res.mdpi.com/d_attachment/ijerph/ijerph-15-01596/article_deploy/ijerph-15-01596-v2.pdf},
   year = {2018},
   type = {Journal Article}
}

@article{RN2,
   author = {Chan, K. S. and Zary, N.},
   title = {Applications and challenges of implementing artificial intelligence in medical education: Integrative review},
   journal = {Journal of Medical Internet Research},
   volume = {21},
   number = {6},
   DOI = {10.2196/13930},
   url = {https://www.scopus.com/inward/record.uri?eid=2-s2.0-85070883799&doi=10.2196%2f13930&partnerID=40&md5=368fa7622c02fa47f21cbd6fac24e097},
   year = {2019},
   type = {Journal Article}
}

@article{RN6,
   author = {Chen, Hsinchun and Zeng, Daniel and Buckeridge, David L. and Izadi, Masoumeh Izadi and Verma, Aman and Okhmatovskaia, Anya and Hu, Xiaohua and Shen, Xiajiong and Cao, Zhidong and Wang, Fei-Yue and Zheng, Xiaolong and Wang, Quanyi},
   title = {AI for Global Disease Surveillance},
   journal = {IEEE Intelligent Systems},
   volume = {24},
   number = {6},
   pages = {66-82},
   ISSN = {1541-1672},
   DOI = {10.1109/mis.2009.126},
   year = {2009},
   type = {Journal Article}
}

@article{RN129,
   author = {Cheng, F. Y. and Joshi, H. and Tandon, P. and Freeman, R. and Reich, D. L. and Mazumdar, M. and Kohli-Seth, R. and Levin, M. and Timsina, P. and Kia, A.},
   title = {Using Machine Learning to Predict ICU Transfer in Hospitalized COVID-19 Patients},
   journal = {J Clin Med},
   volume = {9},
   number = {6},
   ISSN = {2077-0383 (Print)
2077-0383 (Linking)},
   DOI = {10.3390/jcm9061668},
   url = {https://www.ncbi.nlm.nih.gov/pubmed/32492874
https://res.mdpi.com/d_attachment/jcm/jcm-09-01668/article_deploy/jcm-09-01668-v2.pdf},
   year = {2020},
   type = {Journal Article}
}

@article{RN106,
   author = {Chowdhury, Muhammad E. H. and Rahman, Tawsifur and Khandakar, Amith and Mazhar, Rashid and Kadir, Muhammad Abdul and Mahbub, Zaid Bin and Islam, Khandakar Reajul and Khan, Muhammad Salman and Iqbal, Atif and Emadi, Nasser Al and Reaz, Mamun Bin Ibne and Islam, Mohammad Tariqul},
   title = {Can AI Help in Screening Viral and COVID-19 Pneumonia?},
   journal = {IEEE Access},
   volume = {8},
   pages = {132665-132676},
   ISSN = {2169-3536},
   DOI = {10.1109/access.2020.3010287},
   url = {https://ieeexplore.ieee.org/ielx7/6287639/8948470/09144185.pdf?tp=&arnumber=9144185&isnumber=8948470&ref=},
   year = {2020},
   type = {Journal Article}
}

@article{RN91,
   author = {Ciotti, M. and Ciccozzi, M. and Terrinoni, A. and Jiang, W. C. and Wang, C. B. and Bernardini, S.},
   title = {The COVID-19 pandemic},
   journal = {Crit Rev Clin Lab Sci},
   volume = {57},
   number = {6},
   pages = {365-388},
   ISSN = {1549-781X (Electronic)
1040-8363 (Linking)},
   DOI = {10.1080/10408363.2020.1783198},
   url = {https://www.ncbi.nlm.nih.gov/pubmed/32645276
https://www.tandfonline.com/doi/pdf/10.1080/10408363.2020.1783198?needAccess=true},
   year = {2020},
   type = {Journal Article}
}

@article{RN92,
   author = {Civit-Masot, Javier and Luna-Perej√≥n, Francisco and Dom√≠nguez Morales, Manuel and Civit, Anton},
   title = {Deep Learning System for COVID-19 Diagnosis Aid Using X-ray Pulmonary Images},
   journal = {Applied Sciences},
   volume = {10},
   number = {13},
   ISSN = {2076-3417},
   DOI = {10.3390/app10134640},
   url = {https://res.mdpi.com/d_attachment/applsci/applsci-10-04640/article_deploy/applsci-10-04640.pdf},
   year = {2020},
   type = {Journal Article}
}

@article{RN60,
   author = {Cohen, Joseph Paul and Dao, Lan and Roth, Karsten and Morrison, Paul and Bengio, Yoshua and Abbasi, Almas F. and Shen, Beiyi and Mahsa, Hoshmand Kochi and Ghassemi, Marzyeh and Li, Haifang and Duong, Tim},
   title = {Predicting COVID-19 Pneumonia Severity on Chest X-ray With Deep Learning},
   journal = {Cureus},
   ISSN = {2168-8184},
   DOI = {10.7759/cureus.9448},
   url = {https://assets.cureus.com/uploads/original_article/pdf/35692/1596821774-20200807-30868-6aw2is.pdf},
   year = {2020},
   type = {Journal Article}
}

@article{RN99,
   author = {Dananjayan, S. and Raj, G. M.},
   title = {Artificial Intelligence during a pandemic: The COVID-19 example},
   journal = {Int J Health Plann Manage},
   ISSN = {1099-1751 (Electronic)
0749-6753 (Linking)},
   DOI = {10.1002/hpm.2987},
   url = {https://www.ncbi.nlm.nih.gov/pubmed/32430976
https://www.ncbi.nlm.nih.gov/pmc/articles/PMC7276785/pdf/HPM-9999-na.pdf},
   year = {2020},
   type = {Journal Article}
}

@inbook{RN24,
   author = {Das, Sumit and Sanyal, Manas Kumar and Datta, Debamoy},
   title = {Artificial Intelligent Reliable Doctor (AIRDr.): Prospect of Disease Prediction Using Reliability},
   booktitle = {Intelligent Computing Paradigm: Recent Trends},
   series = {Studies in Computational Intelligence},
   chapter = {Chapter 3},
   pages = {21-42},
   ISBN = {978-981-13-7333-6
978-981-13-7334-3},
   DOI = {10.1007/978-981-13-7334-3_3},
   url = {https://link.springer.com/chapter/10.1007%2F978-981-13-7334-3_3},
   year = {2020},
   type = {Book Section}
}

@article{RN40,
   author = {Davies, Sara E.},
   title = {Artificial Intelligence in Global Health},
   journal = {Ethics & International Affairs},
   volume = {33},
   number = {02},
   pages = {181-192},
   ISSN = {0892-6794
1747-7093},
   DOI = {10.1017/s0892679419000157},
   year = {2019},
   type = {Journal Article}
}

@article{RN120,
   author = {Duangchaemkarn, K. and Chaovatut, V. and Wiwatanadate, P. and Boonchieng, E.},
   title = {Symptom-based data preprocessing for the detection of disease outbreak},
   journal = {Conf Proc IEEE Eng Med Biol Soc},
   volume = {2017},
   pages = {2614-2617},
   ISSN = {1557-170X (Print)
1557-170X (Linking)},
   DOI = {10.1109/EMBC.2017.8037393},
   url = {https://www.ncbi.nlm.nih.gov/pubmed/29060435
https://ieeexplore.ieee.org/document/8037393/},
   year = {2017},
   type = {Journal Article}
}

@article{RN96,
   author = {Emile, S. H. and Hamid, H. K. S.},
   title = {Fighting COVID-19, a place for artificial intelligence},
   journal = {Transbound Emerg Dis},
   ISSN = {1865-1682 (Electronic)
1865-1674 (Linking)},
   DOI = {10.1111/tbed.13648},
   url = {https://www.ncbi.nlm.nih.gov/pubmed/32460383
https://www.ncbi.nlm.nih.gov/pmc/articles/PMC7283654/pdf/TBED-9999-na.pdf},
   year = {2020},
   type = {Journal Article}
}

@article{RN130,
   author = {Fan, B. E. and Chong, V. C. L. and Chan, S. S. W. and Lim, G. H. and Lim, K. G. E. and Tan, G. B. and Mucheli, S. S. and Kuperan, P. and Ong, K. H.},
   title = {Hematologic parameters in patients with COVID-19 infection},
   journal = {Am J Hematol},
   volume = {95},
   number = {6},
   pages = {E131-E134},
   ISSN = {1096-8652 (Electronic)
0361-8609 (Linking)},
   DOI = {10.1002/ajh.25774},
   url = {https://www.ncbi.nlm.nih.gov/pubmed/32129508
https://onlinelibrary.wiley.com/doi/pdfdirect/10.1002/ajh.25774?download=true},
   year = {2020},
   type = {Journal Article}
}

@article{RN3,
   author = {Feldman, J. and Thomas-Bachli, A. and Forsyth, J. and Patel, Z. H. and Khan, K.},
   title = {Development of a global infectious disease activity database using natural language processing, machine learning, and human expertise},
   journal = {J Am Med Inform Assoc},
   volume = {26},
   number = {11},
   pages = {1355-1359},
   ISSN = {1527-974X (Electronic)
1067-5027 (Linking)},
   DOI = {10.1093/jamia/ocz112},
   url = {https://www.ncbi.nlm.nih.gov/pubmed/31361300},
   year = {2019},
   type = {Journal Article}
}

@article{RN65,
   author = {Fitzpatrick, F. and Doherty, A. and Lacey, G.},
   title = {Using Artificial Intelligence in Infection Prevention},
   journal = {Curr Treat Options Infect Dis},
   pages = {1-10},
   ISSN = {1523-3820 (Print)
1523-3820 (Linking)},
   DOI = {10.1007/s40506-020-00216-7},
   url = {https://www.ncbi.nlm.nih.gov/pubmed/32218708
https://www.ncbi.nlm.nih.gov/pmc/articles/PMC7095094/pdf/40506_2020_Article_216.pdf},
   year = {2020},
   type = {Journal Article}
}

@article{RN49,
   author = {Freifeld, C. C. and Mandl, K. D. and Reis, B. Y. and Brownstein, J. S.},
   title = {HealthMap: global infectious disease monitoring through automated classification and visualization of Internet media reports},
   journal = {J Am Med Inform Assoc},
   volume = {15},
   number = {2},
   pages = {150-7},
   ISSN = {1067-5027 (Print)
1067-5027 (Linking)},
   DOI = {10.1197/jamia.M2544},
   url = {https://www.ncbi.nlm.nih.gov/pubmed/18096908
https://www.ncbi.nlm.nih.gov/pmc/articles/PMC2274789/pdf/150.S1067502707003441.main.pdf},
   year = {2008},
   type = {Journal Article}
}

@article{RN66,
   author = {Harris, M. and Qi, A. and Jeagal, L. and Torabi, N. and Menzies, D. and Korobitsyn, A. and Pai, M. and Nathavitharana, R. R. and Ahmad Khan, F.},
   title = {A systematic review of the diagnostic accuracy of artificial intelligence-based computer programs to analyze chest x-rays for pulmonary tuberculosis},
   journal = {PLoS One},
   volume = {14},
   number = {9},
   pages = {e0221339},
   ISSN = {1932-6203 (Electronic)
1932-6203 (Linking)},
   DOI = {10.1371/journal.pone.0221339},
   url = {https://www.ncbi.nlm.nih.gov/pubmed/31479448
https://www.ncbi.nlm.nih.gov/pmc/articles/PMC6719854/pdf/pone.0221339.pdf},
   year = {2019},
   type = {Journal Article}
}

@article{RN119,
   author = {Hassler, A. P. and Menasalvas, E. and Garcia-Garcia, F. J. and Rodriguez-Manas, L. and Holzinger, A.},
   title = {Importance of medical data preprocessing in predictive modeling and risk factor discovery for the frailty syndrome},
   journal = {BMC Med Inform Decis Mak},
   volume = {19},
   number = {1},
   pages = {33},
   ISSN = {1472-6947 (Electronic)
1472-6947 (Linking)},
   DOI = {10.1186/s12911-019-0747-6},
   url = {https://www.ncbi.nlm.nih.gov/pubmed/30777059
https://www.ncbi.nlm.nih.gov/pmc/articles/PMC6483150/pdf/12911_2019_Article_747.pdf},
   year = {2019},
   type = {Journal Article}
}

@article{RN67,
   author = {Hernandez, B. and Herrero, P. and Rawson, T. M. and Moore, L. S. P. and Evans, B. and Toumazou, C. and Holmes, A. H. and Georgiou, P.},
   title = {Supervised learning for infection risk inference using pathology data},
   journal = {BMC Med Inform Decis Mak},
   volume = {17},
   number = {1},
   pages = {168},
   ISSN = {1472-6947 (Electronic)
1472-6947 (Linking)},
   DOI = {10.1186/s12911-017-0550-1},
   url = {https://www.ncbi.nlm.nih.gov/pubmed/29216923
https://spiral.imperial.ac.uk:8443/bitstream/10044/1/53738/9/s12911-017-0550-1.pdf},
   year = {2017},
   type = {Journal Article}
}

@article{RN127,
   author = {Hu, Y. H. and Lin, W. C. and Tsai, C. F. and Ke, S. W. and Chen, C. W.},
   title = {An efficient data preprocessing approach for large scale medical data mining},
   journal = {Technol Health Care},
   volume = {23},
   number = {2},
   pages = {153-60},
   ISSN = {1878-7401 (Electronic)
0928-7329 (Linking)},
   DOI = {10.3233/THC-140887},
   url = {https://www.ncbi.nlm.nih.gov/pubmed/25515050
https://content.iospress.com/articles/technology-and-health-care/thc00887},
   year = {2015},
   type = {Journal Article}
}

@article{RN126,
   author = {Huang, Min-Wei and Lin, Wei-Chao and Chen, Chih-Wen and Ke, Shih-Wen and Tsai, Chih-Fong and Eberle, William},
   title = {Data preprocessing issues for incomplete medical datasets},
   journal = {Expert Systems},
   volume = {33},
   number = {5},
   pages = {432-438},
   ISSN = {02664720},
   DOI = {10.1111/exsy.12155},
   url = {https://onlinelibrary.wiley.com/doi/pdfdirect/10.1111/exsy.12155?download=true},
   year = {2016},
   type = {Journal Article}
}

@article{RN107,
   author = {Hussain, Adedoyin Ahmed and Bouachir, Ouns and Al-Turjman, Fadi and Aloqaily, Moayad},
   title = {AI Techniques for COVID-19},
   journal = {IEEE Access},
   volume = {8},
   pages = {128776-128795},
   ISSN = {2169-3536},
   DOI = {10.1109/access.2020.3007939},
   url = {https://ieeexplore.ieee.org/ielx7/6287639/8948470/09136710.pdf?tp=&arnumber=9136710&isnumber=8948470&ref=},
   year = {2020},
   type = {Journal Article}
}

@article{RN123,
   author = {Idri, A. and Benhar, H. and Fernandez-Aleman, J. L. and Kadi, I.},
   title = {A systematic map of medical data preprocessing in knowledge discovery},
   journal = {Comput Methods Programs Biomed},
   volume = {162},
   pages = {69-85},
   ISSN = {1872-7565 (Electronic)
0169-2607 (Linking)},
   DOI = {10.1016/j.cmpb.2018.05.007},
   url = {https://www.ncbi.nlm.nih.gov/pubmed/29903496
https://www.sciencedirect.com/science/article/abs/pii/S0169260717313706?via%3Dihub},
   year = {2018},
   type = {Journal Article}
}

@article{RN77,
   author = {Iwendi, C. and Bashir, A. K. and Peshkar, A. and Sujatha, R. and Chatterjee, J. M. and Pasupuleti, S. and Mishra, R. and Pillai, S. and Jo, O.},
   title = {COVID-19 Patient Health Prediction Using Boosted Random Forest Algorithm},
   journal = {Front Public Health},
   volume = {8},
   pages = {357},
   ISSN = {2296-2565 (Print)
2296-2565 (Linking)},
   DOI = {10.3389/fpubh.2020.00357},
   url = {https://www.ncbi.nlm.nih.gov/pubmed/32719767
https://www.ncbi.nlm.nih.gov/pmc/articles/PMC7350612/pdf/fpubh-08-00357.pdf},
   year = {2020},
   type = {Journal Article}
}

@article{RN95,
   author = {Jakhar, D. and Kaur, I.},
   title = {Current applications of artificial intelligence for COVID-19},
   journal = {Dermatol Ther},
   pages = {e13654},
   ISSN = {1529-8019 (Electronic)
1396-0296 (Linking)},
   DOI = {10.1111/dth.13654},
   url = {https://www.ncbi.nlm.nih.gov/pubmed/32445213
https://www.ncbi.nlm.nih.gov/pmc/articles/PMC7267049/pdf/DTH-9999-e13654.pdf},
   year = {2020},
   type = {Journal Article}
}

@article{RN93,
   author = {Jalaber, C. and Lapotre, T. and Morcet-Delattre, T. and Ribet, F. and Jouneau, S. and Lederlin, M.},
   title = {Chest CT in COVID-19 pneumonia: A review of current knowledge},
   journal = {Diagn Interv Imaging},
   volume = {101},
   number = {7-8},
   pages = {431-437},
   ISSN = {2211-5684 (Electronic)
2211-5684 (Linking)},
   DOI = {10.1016/j.diii.2020.06.001},
   url = {https://www.ncbi.nlm.nih.gov/pubmed/32571748
https://www.ncbi.nlm.nih.gov/pmc/articles/PMC7287482/pdf/main.pdf},
   year = {2020},
   type = {Journal Article}
}

@article{RN108,
   author = {Jamshidi, Mohammad Behdad and Lalbakhsh, Ali and Talla, Jakub and Peroutka, Zdenek and Hadjilooei, Farimah and Lalbakhsh, Pedram and Jamshidi, Morteza and Spada, Luigi La and Mirmozafari, Mirhamed and Dehghani, Mojgan and Sabet, Asal and Roshani, Saeed and Roshani, Sobhan and Bayat-Makou, Nima and Mohamadzade, Bahare and Malek, Zahra and Jamshidi, Alireza and Kiani, Sarah and Hashemi-Dezaki, Hamed and Mohyuddin, Wahab},
   title = {Artificial Intelligence and COVID-19: Deep Learning Approaches for Diagnosis and Treatment},
   journal = {IEEE Access},
   volume = {8},
   pages = {109581-109595},
   ISSN = {2169-3536},
   DOI = {10.1109/access.2020.3001973},
   url = {https://ieeexplore.ieee.org/ielx7/6287639/8948470/09115663.pdf?tp=&arnumber=9115663&isnumber=8948470&ref=},
   year = {2020},
   type = {Journal Article}
}

@article{RN47,
   author = {Jiang, Xiangao and Coffee, Megan and Bari, Anasse and Wang, Junzhang and Jiang, Xinyue and Huang, Jianping and Shi, Jichan and Dai, Jianyi and Cai, Jing and Zhang, Tianxiao and Wu, Zhengxing and He, Guiqing and Huang, Yitong},
   title = {Towards an Artificial Intelligence Framework for Data-Driven Prediction of Coronavirus Clinical Severity},
   journal = {Computers, Materials & Continua},
   volume = {62},
   number = {3},
   pages = {537-551},
   ISSN = {1546-2226},
   DOI = {10.32604/cmc.2020.010691},
   year = {2020},
   type = {Journal Article}
}

@article{RN83,
   author = {Khanday, Amud and Rabani, S. T. and Khan, Q. R. and Rouf, N. and Mohi Ud Din, M.},
   title = {Machine learning based approaches for detecting COVID-19 using clinical text data},
   journal = {Int J Inf Technol},
   pages = {1-9},
   ISSN = {2511-2112 (Electronic)},
   DOI = {10.1007/s41870-020-00495-9},
   url = {https://www.ncbi.nlm.nih.gov/pubmed/32838125
https://www.ncbi.nlm.nih.gov/pmc/articles/PMC7325639/pdf/41870_2020_Article_495.pdf},
   year = {2020},
   type = {Journal Article}
}

@article{RN8,
   author = {Kim, M. and Yun, J. and Cho, Y. and Shin, K. and Jang, R. and Bae, H. J. and Kim, N.},
   title = {Deep Learning in Medical Imaging},
   journal = {Neurospine},
   volume = {16},
   number = {4},
   pages = {657-668},
   ISSN = {2586-6583 (Print)
2586-6591 (Linking)},
   DOI = {10.14245/ns.1938396.198},
   url = {https://www.ncbi.nlm.nih.gov/pubmed/31905454
https://www.ncbi.nlm.nih.gov/pmc/articles/PMC6945006/pdf/ns-1938396-198.pdf},
   year = {2019},
   type = {Journal Article}
}

@article{RN73,
   author = {KN, Kaiafas},
   title = {Clinical Decision Support Tools and the COVID-19 Pandemic},
   journal = {Journal of Christian nursing : a quarterly publication of Nurses Christian Fellowship},
   volume = {37},
   number = {3},
   ISSN = {0743-2550},
   DOI = {10.1097/CNJ.0000000000000737},
   url = {https://www.ncbi.nlm.nih.gov/pubmed/32516262
https://journals.viamedica.pl/folia_morphologica/article/download/FM.2013.0051/26225},
   year = {2020},
   type = {Journal Article}
}

@article{RN22,
   author = {Kofod-Petersen, A.},
   title = {Machine learning and data mining for epidemic surveillance},
   journal = {Med J Aust},
   volume = {196},
   number = {5},
   pages = {301},
   ISSN = {1326-5377 (Electronic)
0025-729X (Linking)},
   DOI = {10.5694/mja12.10283},
   url = {https://www.ncbi.nlm.nih.gov/pubmed/22432655
https://onlinelibrary.wiley.com/doi/full/10.5694/mja12.10283?sid=nlm%3Apubmed},
   year = {2012},
   type = {Journal Article}
}

@misc{RN32,
   pages = {1-9},
   DOI= {10.1109/icctct.2018.8550902},
   url = {https://ieeexplore.ieee.org/ielx7/8536362/8550825/08550902.pdf?tp=&arnumber=8550902&isnumber=8550825&ref=},
   year = {2018},
   type = {Conference Paper}
}

@article{RN1,
   author = {Lau, A. Y. S. and Staccini, P. and Section Editors for the, Imia Yearbook Section on Education and Consumer Health, Informatics},
   title = {Artificial Intelligence in Health: New Opportunities, Challenges, and Practical Implications},
   journal = {Yearbook of medical informatics},
   volume = {28},
   number = {1},
   pages = {174-178},
   DOI = {10.1055/s-0039-1677935},
   url = {https://www.scopus.com/inward/record.uri?eid=2-s2.0-85071978600&doi=10.1055%2fs-0039-1677935&partnerID=40&md5=efda3245fc86ae18c34b3a94794cdf13
https://www.thieme-connect.com/products/ejournals/pdf/10.1055/s-0039-1677935.pdf},
   year = {2019},
   type = {Journal Article}
}

@article{RN34,
   author = {Lewis, Sherri Happel and Chretien, Jean-Paul},
   title = {The potential utility of electronic disease surveillance systems in resource-poor settings},
   journal = {Johns Hopkins APL Technical Digest (Applied Physics Laboratory)},
   volume = {27},
   number = {4},
   pages = {366 - 373},
   year = {2008},
   type = {Journal Article}
}

@article{RN89,
   author = {Li, L. and Qin, L. and Xu, Z. and Yin, Y. and Wang, X. and Kong, B. and Bai, J. and Lu, Y. and Fang, Z. and Song, Q. and Cao, K. and Liu, D. and Wang, G. and Xu, Q. and Fang, X. and Zhang, S. and Xia, J. and Xia, J.},
   title = {Using Artificial Intelligence to Detect COVID-19 and Community-acquired Pneumonia Based on Pulmonary CT: Evaluation of the Diagnostic Accuracy},
   journal = {Radiology},
   volume = {296},
   number = {2},
   pages = {E65-E71},
   ISSN = {1527-1315 (Electronic)
0033-8419 (Linking)},
   DOI = {10.1148/radiol.2020200905},
   url = {https://www.ncbi.nlm.nih.gov/pubmed/32191588
https://www.ncbi.nlm.nih.gov/pmc/articles/PMC7233473/pdf/radiol.2020200905.pdf},
   year = {2020},
   type = {Journal Article}
}

@article{RN64,
   author = {Li, M. and Lei, P. and Zeng, B. and Li, Z. and Yu, P. and Fan, B. and Wang, C. and Li, Z. and Zhou, J. and Hu, S. and Liu, H.},
   title = {Coronavirus Disease (COVID-19): Spectrum of CT Findings and Temporal Progression of the Disease},
   journal = {Acad Radiol},
   volume = {27},
   number = {5},
   pages = {603-608},
   ISSN = {1878-4046 (Electronic)
1076-6332 (Linking)},
   DOI = {10.1016/j.acra.2020.03.003},
   url = {https://www.ncbi.nlm.nih.gov/pubmed/32204987
https://www.ncbi.nlm.nih.gov/pmc/articles/PMC7156150/pdf/main.pdf},
   year = {2020},
   type = {Journal Article}
}

@article{RN113,
   author = {Liang, W. and Yao, J. and Chen, A. and Lv, Q. and Zanin, M. and Liu, J. and Wong, S. and Li, Y. and Lu, J. and Liang, H. and Chen, G. and Guo, H. and Guo, J. and Zhou, R. and Ou, L. and Zhou, N. and Chen, H. and Yang, F. and Han, X. and Huan, W. and Tang, W. and Guan, W. and Chen, Z. and Zhao, Y. and Sang, L. and Xu, Y. and Wang, W. and Li, S. and Lu, L. and Zhang, N. and Zhong, N. and Huang, J. and He, J.},
   title = {Early triage of critically ill COVID-19 patients using deep learning},
   journal = {Nat Commun},
   volume = {11},
   number = {1},
   pages = {3543},
   ISSN = {2041-1723 (Electronic)
2041-1723 (Linking)},
   DOI = {10.1038/s41467-020-17280-8},
   url = {https://www.ncbi.nlm.nih.gov/pubmed/32669540
https://www.ncbi.nlm.nih.gov/pmc/articles/PMC7363899/pdf/41467_2020_Article_17280.pdf},
   year = {2020},
   type = {Journal Article}
}

@article{RN50,
   author = {Lim, S. and Tucker, C. S. and Kumara, S.},
   title = {An unsupervised machine learning model for discovering latent infectious diseases using social media data},
   journal = {J Biomed Inform},
   volume = {66},
   pages = {82-94},
   ISSN = {1532-0480 (Electronic)
1532-0464 (Linking)},
   DOI = {10.1016/j.jbi.2016.12.007},
   url = {https://www.ncbi.nlm.nih.gov/pubmed/28034788
https://pdf.sciencedirectassets.com/272371/1-s2.0-S1532046416X00081/1-s2.0-S1532046416301812/main.pdf?X-Amz-Security-Token=IQoJb3JpZ2luX2VjEPj%2F%2F%2F%2F%2F%2F%2F%2F%2F%2FwEaCXVzLWVhc3QtMSJGMEQCIAowa1UCjFvFFplAaboa53NAjYujvdcinLqts3ZS9kWvAiB7e89K375t0gGS9tG8MGbqGlbWWNMIDLHTWLq0zf%2FkMCq0AwhhEAMaDDA1OTAwMzU0Njg2NSIMM6aRbri%2BAz%2F1QBfiKpEDpaXpxMQ5hN6MA87t8eFekjr%2BScxgRrCTvvtr%2FwQ8Pxj0rwdLNRzq5mHDoZunNCtKPic12%2BzXuSbvrB7seRCN%2FIXq7xzr3ctqNAB8I9d8fTQZQBVBP7bBbC%2BwGRMcqsm9Z5Nm5useMaZd2hmBMNrzbK9FTxi0J%2Bvl4odMztmlfeDFdyjYPjFkvrNdpELgRNjwmD4GAwdt%2FeSxr9VO8QfgkN8WTxX9tgk5s8GT%2Bp81m3366Vr2BtB2thQTcYJ9q0w%2BRTVg1k78Z%2BLW5Y6hCsgtJn%2Bqcy15HAzgWMxor6HA0O6hfYaqsTD84NaVUC9M87iHGkcaNvvRd6JAvjnVn8NEbW9mM1zaJM6m6ANUKkAqAwfLOTOdO2gPvvhBU%2BCtFHf3VXKCwqwSpcHPIIFI9FrydbXVGm2PplNUYbQ29M3qvGACMjmjPueRI%2B4cveNC%2FM8ZLvFaUEvsCpbQDC13Fbr3fnqdZHSHWL7shQadopqWEW5rXv2fyps315nogZSSa0VBrbbIywsXH2gdwK6VH5CttkkwtebZ9gU67AECMTM3Mwm6vvMN06xB%2FRHHg2FEv%2FGTKS2YjO%2FDXoBdZ3D9qfACzIhZv%2BGOhPrmu6yKhH0OWcaNgXGZbmJyYzAMTx2gEMjHW10pT4DevWcuFc8YXQP5hyfLoeysWwT2r3DBh7D%2FHveNxndCzOvAgBksCBkQZXzU5f%2FAgr6CWBGOZv4cMSo31O7Ij%2FOyIM4uzX8OKt8W0wDwGAy8ePqOKA%2FyGYxwOyA2JREfZiahaPendTqsRpvLZU7o6RUbmFG7Dqd%2F2sSdDl%2Bg3O9gEGm%2FM85GCCDJI3TGQjAuQAESzUiGXFJ0DqmCcC9aU5RZYw%3D%3D&X-Amz-Algorithm=AWS4-HMAC-SHA256&X-Amz-Date=20200602T162358Z&X-Amz-SignedHeaders=host&X-Amz-Expires=300&X-Amz-Credential=ASIAQ3PHCVTY7ZC4QKEY%2F20200602%2Fus-east-1%2Fs3%2Faws4_request&X-Amz-Signature=c98218cb9ce95568b88cb81a06c393c7c5c96cb4260272556848eb9158c49630&hash=e880afd5fd5a21b604a1e1fe8912801e7e0217a8187c361e7406a90f587bea70&host=68042c943591013ac2b2430a89b270f6af2c76d8dfd086a07176afe7c76c2c61&pii=S1532046416301812&tid=spdf-56ffba5d-f474-4b9c-8499-8c90b4d773e2&sid=d993d4be187443455348f2146527486f24acgxrqb&type=client},
   year = {2017},
   type = {Journal Article}
}

@article{RN70,
   author = {Liu, Y. and Wang, Z. and Ren, J. and Tian, Y. and Zhou, M. and Zhou, T. and Ye, K. and Zhao, Y. and Qiu, Y. and Li, J.},
   title = {A COVID-19 Risk Assessment Decision Support System for General Practitioners: Design and Development Study},
   journal = {J Med Internet Res},
   volume = {22},
   number = {6},
   pages = {e19786},
   ISSN = {1438-8871 (Electronic)
1438-8871 (Linking)},
   DOI = {10.2196/19786},
   url = {https://www.ncbi.nlm.nih.gov/pubmed/32540845},
   year = {2020},
   type = {Journal Article}
}

@article{RN111,
   author = {Ma, X. and Ng, M. and Xu, S. and Xu, Z. and Qiu, H. and Liu, Y. and Lyu, J. and You, J. and Zhao, P. and Wang, S. and Tang, Y. and Cui, H. and Yu, C. and Wang, F. and Shao, F. and Sun, P. and Tang, Z.},
   title = {Development and validation of prognosis model of mortality risk in patients with COVID-19},
   journal = {Epidemiol Infect},
   volume = {148},
   pages = {e168},
   ISSN = {1469-4409 (Electronic)
0950-2688 (Linking)},
   DOI = {10.1017/S0950268820001727},
   url = {https://www.ncbi.nlm.nih.gov/pubmed/32746957
https://www.cambridge.org/core/services/aop-cambridge-core/content/view/9A3B09B53AF543DDF0BC8F1348EFF07C/S0950268820001727a.pdf/div-class-title-development-and-validation-of-prognosis-model-of-mortality-risk-in-patients-with-covid-19-div.pdf},
   year = {2020},
   type = {Journal Article}
}

@misc{RN12,
   pages = {1-7},
   DOI= {10.1109/meco.2019.8759998},
   url = {https://ieeexplore.ieee.org/ielx7/8752173/8759882/08759998.pdf?tp=&arnumber=8759998&isnumber=8759882&ref=},
   year = {2019},
   type = {Conference Paper}
}

@inbook{RN26,
   author = {Manogaran, Gunasekaran and Lopez, Daphne},
   title = {Disease Surveillance System for Big Climate Data Processing and Dengue Transmission},
   booktitle = {Climate Change and Environmental Concerns},
   chapter = {chapter 22},
   pages = {427-446},
   ISBN = {9781522554875
9781522554882},
   DOI = {10.4018/978-1-5225-5487-5.ch022},
   year = {2018},
   type = {Book Section}
}

@article{RN69,
   author = {McRae, M. P. and Simmons, G. W. and Christodoulides, N. J. and Lu, Z. and Kang, S. K. and Fenyo, D. and Alcorn, T. and Dapkins, I. P. and Sharif, I. and Vurmaz, D. and Modak, S. S. and Srinivasan, K. and Warhadpande, S. and Shrivastav, R. and McDevitt, J. T.},
   title = {Clinical decision support tool and rapid point-of-care platform for determining disease severity in patients with COVID-19},
   journal = {Lab Chip},
   volume = {20},
   number = {12},
   pages = {2075-2085},
   ISSN = {1473-0189 (Electronic)
1473-0189 (Linking)},
   DOI = {10.1039/d0lc00373e},
   url = {https://www.ncbi.nlm.nih.gov/pubmed/32490853
https://pubs.rsc.org/en/content/articlepdf/2020/lc/d0lc00373e},
   year = {2020},
   type = {Journal Article}
}

@article{RN100,
   author = {Mei, X. and Lee, H. C. and Diao, K. Y. and Huang, M. and Lin, B. and Liu, C. and Xie, Z. and Ma, Y. and Robson, P. M. and Chung, M. and Bernheim, A. and Mani, V. and Calcagno, C. and Li, K. and Li, S. and Shan, H. and Lv, J. and Zhao, T. and Xia, J. and Long, Q. and Steinberger, S. and Jacobi, A. and Deyer, T. and Luksza, M. and Liu, F. and Little, B. P. and Fayad, Z. A. and Yang, Y.},
   title = {Artificial intelligence-enabled rapid diagnosis of patients with COVID-19},
   journal = {Nat Med},
   volume = {26},
   number = {8},
   pages = {1224-1228},
   ISSN = {1546-170X (Electronic)
1078-8956 (Linking)},
   DOI = {10.1038/s41591-020-0931-3},
   url = {https://www.ncbi.nlm.nih.gov/pubmed/32427924
https://www.nature.com/articles/s41591-020-0931-3.pdf},
   year = {2020},
   type = {Journal Article}
}

@article{RN124,
   author = {Miller, D. D.},
   title = {The medical AI insurgency: what physicians must know about data to practice with intelligent machines},
   journal = {NPJ Digit Med},
   volume = {2},
   pages = {62},
   ISSN = {2398-6352 (Electronic)
2398-6352 (Linking)},
   DOI = {10.1038/s41746-019-0138-5},
   url = {https://www.ncbi.nlm.nih.gov/pubmed/31388566
https://www.ncbi.nlm.nih.gov/pmc/articles/PMC6599029/pdf/41746_2019_Article_138.pdf},
   year = {2019},
   type = {Journal Article}
}

@article{RN14,
   author = {Ming, D. and Rawson, T. and Sangkaew, S. and Rodriguez-Manzano, J. and Georgiou, P. and Holmes, A.},
   title = {Connectivity of rapid-testing diagnostics and surveillance of infectious diseases},
   journal = {Bull World Health Organ},
   volume = {97},
   number = {3},
   pages = {242-244},
   ISSN = {1564-0604 (Electronic)
0042-9686 (Linking)},
   DOI = {10.2471/BLT.18.219691},
   url = {https://www.ncbi.nlm.nih.gov/pubmed/30992638
https://spiral.imperial.ac.uk:8443/bitstream/10044/1/69594/2/Connectivity%20of%20rapid-testing%20diagnostics%20and%20surveillance%20of%20infectious%20diseases.pdf},
   year = {2019},
   type = {Journal Article}
}

@article{RN9,
   author = {Moorthy, U. and Gandhi, U.D.},
   title = {Medical Big Data Analytics using Machine Learning Algorithms},
   journal = {International Journal of Innovative Technology and Exploring Engineering},
   volume = {9},
   number = {1},
   pages = {3517-3526},
   ISSN = {2278-3075},
   DOI = {10.35940/ijitee.A5290.119119},
   year = {2019},
   type = {Journal Article}
}

@article{RN75,
   author = {MP, McRae and GW, Simmons and NJ, Christodoulides and Z, Lu and SK, Kang and D, Fenyo and T, Alcorn and IP, Dapkins and I, Sharif and D, Vurmaz and SS, Modak and K, Srinivasan and S, Warhadpande and R, Shrivastav and JT, McDevitt},
   title = {Clinical Decision Support Tool and Rapid Point-of-Care Platform for Determining Disease Severity in Patients with COVID-19},
   journal = {medRxiv : the preprint server for health sciences},
   DOI = {10.1101/2020.04.16.20068411},
   url = {https://www.ncbi.nlm.nih.gov/pubmed/32511607
https://www.ncbi.nlm.nih.gov/pmc/articles/PMC7276034/pdf/nihpp-2020.04.16.20068411.pdf},
   year = {2020},
   type = {Journal Article}
}

@article{RN71,
   author = {MP, McRae and IP, Dapkins and I, Sharif and J, Anderson and D, Fenyo and O, Sinokrot and SK, Kang and NJ, Christodoulides and D, Vurmaz and GW, Simmons and TM, Alcorn and MJ, Daoura and S, Gisburne and D, Zar and JT, McDevitt},
   title = {Managing COVID-19 with a Clinical Decision Support Tool in a Community Health Network: Algorithm Development and Validation},
   journal = {Journal of medical Internet research},
   ISSN = {1438-8871},
   DOI = {10.2196/22033},
   url = {https://www.ncbi.nlm.nih.gov/pubmed/32750010},
   year = {2020},
   type = {Journal Article}
}

@article{RN86,
   author = {Murphy, K. and Smits, H. and Knoops, A. J. G. and Korst, Mbjm and Samson, T. and Scholten, E. T. and Schalekamp, S. and Schaefer-Prokop, C. M. and Philipsen, Rhhm and Meijers, A. and Melendez, J. and van Ginneken, B. and Rutten, M.},
   title = {COVID-19 on Chest Radiographs: A Multireader Evaluation of an Artificial Intelligence System},
   journal = {Radiology},
   volume = {296},
   number = {3},
   pages = {E166-E172},
   ISSN = {1527-1315 (Electronic)
0033-8419 (Linking)},
   DOI = {10.1148/radiol.2020201874},
   url = {https://www.ncbi.nlm.nih.gov/pubmed/32384019
https://www.ncbi.nlm.nih.gov/pmc/articles/PMC7437494/pdf/radiol.2020201874.pdf},
   year = {2020},
   type = {Journal Article}
}

@article{RN45,
   author = {Naude, W.},
   title = {Artificial intelligence vs COVID-19: limitations, constraints and pitfalls},
   journal = {AI Soc},
   pages = {1-5},
   ISSN = {0951-5666 (Print)
0951-5666 (Linking)},
   DOI = {10.1007/s00146-020-00978-0},
   url = {https://www.ncbi.nlm.nih.gov/pubmed/32346223},
   year = {2020},
   type = {Journal Article}
}

@inbook{RN20,
   author = {Nazir, Nahida and Rajab, Sharifa and Sharma, Vinod},
   title = {State-of-the-Art Artificial Intelligence Techniques in Heart Disease Diagnosis},
   booktitle = {Emerging Trends in Expert Applications and Security},
   series = {Advances in Intelligent Systems and Computing},
   chapter = {Chapter 76},
   pages = {651-657},
   ISBN = {978-981-13-2284-6
978-981-13-2285-3},
   DOI = {10.1007/978-981-13-2285-3_76},
   url = {https://link.springer.com/content/pdf/10.1007%2F978-981-13-2285-3_76.pdf},
   year = {2019},
   type = {Book Section}
}

@article{RN5,
   author = {Neill, Daniel B.},
   title = {New Directions in Artificial Intelligence for Public Health Surveillance},
   journal = {IEEE Intelligent Systems},
   volume = {27},
   number = {1},
   pages = {56-59},
   ISSN = {1541-1672},
   DOI = {10.1109/mis.2012.18},
   year = {2012},
   type = {Journal Article}
}

@article{RN30,
   author = {Nilashi, Mehrbakhsh and Ibrahim, Othman bin and Ahmadi, Hossein and Shahmoradi, Leila},
   title = {An analytical method for diseases prediction using machine learning techniques},
   journal = {Computers & Chemical Engineering},
   volume = {106},
   pages = {212-223},
   ISSN = {00981354},
   DOI = {10.1016/j.compchemeng.2017.06.011},
   url = {https://www.sciencedirect.com/science/article/abs/pii/S0098135417302570?via%3Dihub},
   year = {2017},
   type = {Journal Article}
}

@article{RN117,
   author = {Obeid, J. S. and Davis, M. and Turner, M. and Meystre, S. M. and Heider, P. M. and Lenert, L. A.},
   title = {An AI approach to COVID-19 infection risk assessment in virtual visits: a case report},
   journal = {J Am Med Inform Assoc},
   ISSN = {1527-974X (Electronic)
1067-5027 (Linking)},
   DOI = {10.1093/jamia/ocaa105},
   url = {https://www.ncbi.nlm.nih.gov/pubmed/32449766
https://www.ncbi.nlm.nih.gov/pmc/articles/PMC7313981/pdf/ocaa105.pdf},
   year = {2020},
   type = {Journal Article}
}

@article{RN88,
   author = {Oh, Y. and Park, S. and Ye, J. C.},
   title = {Deep Learning COVID-19 Features on CXR Using Limited Training Data Sets},
   journal = {IEEE Trans Med Imaging},
   volume = {39},
   number = {8},
   pages = {2688-2700},
   ISSN = {1558-254X (Electronic)
0278-0062 (Linking)},
   DOI = {10.1109/TMI.2020.2993291},
   url = {https://www.ncbi.nlm.nih.gov/pubmed/32396075
https://ieeexplore.ieee.org/document/9090149/},
   year = {2020},
   type = {Journal Article}
}

@article{RN46,
   author = {Oliver, Nuria and Lepri, Bruno and Sterly, Harald and Lambiotte, Renaud and Delataille, S√©bastien and De Nadai, Marco and Letouz√©, Emmanuel and Salah, Albert Ali and Benjamins, Richard and Cattuto, Ciro and Colizza, Vittoria and de Cordes, Nicolas and Fraiberger, Samuel P. and Koebe, Till and Lehmann, Sune and Murillo, Juan and Pentland, Alex and Pham, Phuong N. and Pivetta, Fr√©d√©ric and Saram√§ki, Jari and Scarpino, Samuel V. and Tizzoni, Michele and Verhulst, Stefaan and Vinck, Patrick},
   title = {Mobile phone data for informing public health actions across the COVID-19 pandemic life cycle},
   journal = {Science Advances},
   ISSN = {2375-2548},
   DOI = {10.1126/sciadv.abc0764},
   year = {2020},
   type = {Journal Article}
}

@article{RN98,
   author = {Ozturk, T. and Talo, M. and Yildirim, E. A. and Baloglu, U. B. and Yildirim, O. and Rajendra Acharya, U.},
   title = {Automated detection of COVID-19 cases using deep neural networks with X-ray images},
   journal = {Comput Biol Med},
   volume = {121},
   pages = {103792},
   ISSN = {1879-0534 (Electronic)
0010-4825 (Linking)},
   DOI = {10.1016/j.compbiomed.2020.103792},
   url = {https://www.ncbi.nlm.nih.gov/pubmed/32568675
https://www.ncbi.nlm.nih.gov/pmc/articles/PMC7187882/pdf/main.pdf},
   year = {2020},
   type = {Journal Article}
}

@article{RN13,
   author = {Park, S. and Park, J. Y. and Song, Y. and How, S. H. and Jung, K. S. and Respiratory Infections Assembly of the, Apsr},
   title = {Emerging respiratory infections threatening public health in the Asia-Pacific region: A position paper of the Asian Pacific Society of Respirology},
   journal = {Respirology},
   volume = {24},
   number = {6},
   pages = {590-597},
   ISSN = {1440-1843 (Electronic)
1323-7799 (Linking)},
   DOI = {10.1111/resp.13558},
   url = {https://www.ncbi.nlm.nih.gov/pubmed/30985968
https://onlinelibrary.wiley.com/doi/full/10.1111/resp.13558},
   year = {2019},
   type = {Journal Article}
}

@article{RN38,
   author = {Pei, Hongbin and Yang, Bo and Liu, Jiming and Dong, Lei},
   title = {Group Sparse Bayesian Learning for Active Surveillance on Epidemic Dynamics},
   journal = {CoRR},
   volume = {abs/1712.00328},
   url = {http://arxiv.org/abs/1712.00328},
   year = {2017},
   type = {Journal Article}
}

@article{RN53,
   author = {Perkins, T. A. and Garcia, A. J. and Paz-Soldan, V. A. and Stoddard, S. T. and Reiner, R. C., Jr. and Vazquez-Prokopec, G. and Bisanzio, D. and Morrison, A. C. and Halsey, E. S. and Kochel, T. J. and Smith, D. L. and Kitron, U. and Scott, T. W. and Tatem, A. J.},
   title = {Theory and data for simulating fine-scale human movement in an urban environment},
   journal = {J R Soc Interface},
   volume = {11},
   number = {99},
   ISSN = {1742-5662 (Electronic)
1742-5662 (Linking)},
   DOI = {10.1098/rsif.2014.0642},
   url = {https://www.ncbi.nlm.nih.gov/pubmed/25142528
https://escholarship.org/content/qt4sj9m0zt/qt4sj9m0zt.pdf?t=p8d571},
   year = {2014},
   type = {Journal Article}
}

@article{RN105,
   author = {Pirouz, Behrouz and Shaffiee Haghshenas, Sina and Shaffiee Haghshenas, Sami and Piro, Patrizia},
   title = {Investigating a Serious Challenge in the Sustainable Development Process: Analysis of Confirmed cases of COVID-19 (New Type of Coronavirus) Through a Binary Classification Using Artificial Intelligence and Regression Analysis},
   journal = {Sustainability},
   volume = {12},
   number = {6},
   ISSN = {2071-1050},
   DOI = {10.3390/su12062427},
   url = {https://res.mdpi.com/d_attachment/sustainability/sustainability-12-02427/article_deploy/sustainability-12-02427.pdf},
   year = {2020},
   type = {Journal Article}
}

@misc{RN15,
   pages = {1-7},
   DOI= {10.1109/icccnt45670.2019.8944799},
   url = {https://ieeexplore.ieee.org/ielx7/8932651/8944341/08944799.pdf?tp=&arnumber=8944799&isnumber=8944341&ref=},
   year = {2019},
   type = {Conference Paper}
}

@article{RN115,
   author = {Raita, Y. and Goto, T. and Faridi, M. K. and Brown, D. F. M. and Camargo, C. A., Jr. and Hasegawa, K.},
   title = {Emergency department triage prediction of clinical outcomes using machine learning models},
   journal = {Crit Care},
   volume = {23},
   number = {1},
   pages = {64},
   ISSN = {1466-609X (Electronic)
1364-8535 (Linking)},
   DOI = {10.1186/s13054-019-2351-7},
   url = {https://www.ncbi.nlm.nih.gov/pubmed/30795786
https://www.ncbi.nlm.nih.gov/pmc/articles/PMC6387562/pdf/13054_2019_Article_2351.pdf},
   year = {2019},
   type = {Journal Article}
}

@article{RN11,
   author = {Rodriguez-Gonzalez, A. and Zanin, M. and Menasalvas-Ruiz, E.},
   title = {Public Health and Epidemiology Informatics: Can Artificial Intelligence Help Future Global Challenges? An Overview of Antimicrobial Resistance and Impact of Climate Change in Disease Epidemiology},
   journal = {Yearb Med Inform},
   volume = {28},
   number = {1},
   pages = {224-231},
   ISSN = {2364-0502 (Electronic)
0943-4747 (Linking)},
   DOI = {10.1055/s-0039-1677910},
   url = {https://www.ncbi.nlm.nih.gov/pubmed/31419836
https://www.thieme-connect.com/products/ejournals/pdf/10.1055/s-0039-1677910.pdf},
   year = {2019},
   type = {Journal Article}
}

@inbook{RN19,
   author = {Sharma, Sumit and Madaan, Vishu and Agrawal, Prateek and Garg, Narendra Kumar},
   title = {Heart Disease Prediction Using Fuzzy System},
   booktitle = {Advanced Informatics for Computing Research},
   series = {Communications in Computer and Information Science},
   chapter = {Chapter 38},
   pages = {424-434},
   ISBN = {978-981-13-3139-8
978-981-13-3140-4},
   DOI = {10.1007/978-981-13-3140-4_38},
   url = {https://link.springer.com/content/pdf/10.1007%2F978-981-13-3140-4_38.pdf},
   year = {2019},
   type = {Book Section}
}

@inbook{RN82,
   author = {Shen, Wei and Zhou, Mu and Yang, Feng and Dong, Di and Yang, Caiyun and Zang, Yali and Tian, Jie},
   title = {Learning from Experts: Developing Transferable Deep Features for Patient-Level Lung Cancer Prediction},
   booktitle = {Medical Image Computing and Computer-Assisted Intervention ‚Äì MICCAI 2016},
   series = {Lecture Notes in Computer Science},
   chapter = {Chapter 15},
   pages = {124-131},
   ISBN = {978-3-319-46722-1
978-3-319-46723-8},
   DOI = {10.1007/978-3-319-46723-8_15},
   url = {https://link.springer.com/chapter/10.1007%2F978-3-319-46723-8_15},
   year = {2016},
   type = {Book Section}
}

@inbook{RN31,
   author = {Shi, Benyun and Xia, Shang and Liu, Jiming},
   title = {A Complex Systems Approach to Infectious Disease Surveillance and Response},
   booktitle = {Brain and Health Informatics},
   series = {Lecture Notes in Computer Science},
   chapter = {Chapter 53},
   pages = {524-535},
   ISBN = {978-3-319-02752-4
978-3-319-02753-1},
   DOI = {10.1007/978-3-319-02753-1_53},
   url = {https://link.springer.com/content/pdf/10.1007%2F978-3-319-02753-1_53.pdf},
   year = {2013},
   type = {Book Section}
}

@article{RN27,
   author = {Sofean, Mustafa and Smith, Matthew},
   title = {A real-time disease surveillance architecture using social networks},
   journal = {Studies in health technology and informatics},
   volume = {180},
   number = {8},
   pages = {823 - 7},
   DOI = {10.3233/978-1-61499-101-4-823},
   year = {2012},
   type = {Journal Article}
}

@inbook{RN51,
   author = {Sokolova, Marina and Japkowicz, Nathalie and Szpakowicz, Stan},
   title = {Beyond Accuracy, F-Score and ROC: A Family of Discriminant Measures for Performance Evaluation},
   booktitle = {AI 2006: Advances in Artificial Intelligence},
   series = {Lecture Notes in Computer Science},
   chapter = {Chapter 114},
   pages = {1015-1021},
   ISBN = {978-3-540-49787-5
978-3-540-49788-2},
   DOI = {10.1007/11941439_114},
   url = {https://link.springer.com/content/pdf/10.1007%2F11941439_114.pdf},
   year = {2006},
   type = {Book Section}
}

@article{RN62,
   author = {Srinivasa Rao, A. S. R. and Vazquez, J. A.},
   title = {Identification of COVID-19 can be quicker through artificial intelligence framework using a mobile phone-based survey when cities and towns are under quarantine},
   journal = {Infect Control Hosp Epidemiol},
   pages = {1-5},
   ISSN = {1559-6834 (Electronic)
0899-823X (Linking)},
   DOI = {10.1017/ice.2020.61},
   url = {https://www.ncbi.nlm.nih.gov/pubmed/32122430
https://www.cambridge.org/core/services/aop-cambridge-core/content/view/7151059680918EF9B8CDBCC4EF19C292/S0899823X20000616a.pdf/div-class-title-identification-of-covid-19-can-be-quicker-through-artificial-intelligence-framework-using-a-mobile-phone-based-survey-when-cities-and-towns-are-under-quarantine-div.pdf},
   year = {2020},
   type = {Journal Article}
}

@inbook{RN28,
   author = {Stewart, Avar√© and Diaz, Ernesto},
   title = {Epidemic Intelligence: For the Crowd, by the Crowd},
   booktitle = {Web Engineering},
   series = {Lecture Notes in Computer Science},
   chapter = {Chapter 55},
   pages = {504-505},
   ISBN = {978-3-642-31752-1
978-3-642-31753-8},
   DOI = {10.1007/978-3-642-31753-8_55},
   url = {https://link.springer.com/content/pdf/10.1007%2F978-3-642-31753-8_55.pdf},
   year = {2012},
   type = {Book Section}
}

@article{RN10,
   author = {Su, K. and Xu, L. and Li, G. and Ruan, X. and Li, X. and Deng, P. and Li, X. and Li, Q. and Chen, X. and Xiong, Y. and Lu, S. and Qi, L. and Shen, C. and Tang, W. and Rong, R. and Hong, B. and Ning, Y. and Long, D. and Xu, J. and Shi, X. and Yang, Z. and Zhang, Q. and Zhuang, Z. and Zhang, L. and Xiao, J. and Li, Y.},
   title = {Forecasting influenza activity using self-adaptive AI model and multi-source data in Chongqing, China},
   journal = {EBioMedicine},
   volume = {47},
   pages = {284-292},
   ISSN = {2352-3964 (Electronic)
2352-3964 (Linking)},
   DOI = {10.1016/j.ebiom.2019.08.024},
   url = {https://www.ncbi.nlm.nih.gov/pubmed/31477561
https://www.ncbi.nlm.nih.gov/pmc/articles/PMC6796527/pdf/main.pdf},
   year = {2019},
   type = {Journal Article}
}

@article{RN116,
   author = {Subudhi, S. and Verma, A. and A, B. Patel},
   title = {Prognostic machine learning models for COVID-19 to facilitate decision making},
   journal = {Int J Clin Pract},
   pages = {e13685},
   ISSN = {1742-1241 (Electronic)
1368-5031 (Linking)},
   DOI = {10.1111/ijcp.13685},
   url = {https://www.ncbi.nlm.nih.gov/pubmed/32810316
https://www.ncbi.nlm.nih.gov/pmc/articles/PMC7461008/pdf/IJCP-9999-e13685.pdf},
   year = {2020},
   type = {Journal Article}
}

@article{RN134,
   author = {Sun, Jie and Lang, Jie and Fujita, Hamido and Li, Hui},
   title = {Imbalanced enterprise credit evaluation with DTE-SBD: Decision tree ensemble based on SMOTE and bagging with differentiated sampling rates},
   journal = {Information Sciences},
   volume = {425},
   pages = {76-91},
   ISSN = {00200255},
   DOI = {10.1016/j.ins.2017.10.017},
   url = {https://www.sciencedirect.com/science/article/pii/S0020025517310083?via%3Dihub},
   year = {2018},
   type = {Journal Article}
}

@article{RN61,
   author = {Tadesse, G. A. and Zhu, T. and Le Nguyen Thanh, N. and Hung, N. T. and Duong, H. T. H. and Khanh, T. H. and Quang, P. V. and Tran, D. D. and Yen, L. M. and Doorn, R. V. and Hao, N. V. and Prince, J. and Javed, H. and Kiyasseh, D. and Tan, L. V. and Thwaites, L. and Clifton, D. A.},
   title = {Severity detection tool for patients with infectious disease},
   journal = {Healthc Technol Lett},
   volume = {7},
   number = {2},
   pages = {45-50},
   ISSN = {2053-3713 (Print)
2053-3713 (Linking)},
   DOI = {10.1049/htl.2019.0030},
   url = {https://www.ncbi.nlm.nih.gov/pubmed/32431851
https://www.ncbi.nlm.nih.gov/pmc/articles/PMC7199289/pdf/HTL.2019.0030.pdf},
   year = {2020},
   type = {Journal Article}
}

@inproceedings{RN36,
   author = {Tan, Q. and Liu, J. and Shi, B. and Liu, Y. and Zhou, X.},
   title = {Public Health Surveillance with Incomplete Data ‚Äì Spatio-Temporal Imputation for Inferring Infectious Disease Dynamics},
   booktitle = {2018 IEEE International Conference on Healthcare Informatics (ICHI)},
   pages = {255-264},
   ISBN = {2575-2634},
   DOI = {10.1109/ICHI.2018.00036},
   type = {Conference Proceedings}
}

@article{RN7,
   author = {Thiebaut, R. and Cossin, S. and Section Editors for the, Imia Yearbook Section on Public Health and Epidemiology, Informatics},
   title = {Artificial Intelligence for Surveillance in Public Health},
   journal = {Yearb Med Inform},
   volume = {28},
   number = {1},
   pages = {232-234},
   ISSN = {2364-0502 (Electronic)
0943-4747 (Linking)},
   DOI = {10.1055/s-0039-1677939},
   url = {https://www.ncbi.nlm.nih.gov/pubmed/31419837},
   year = {2019},
   type = {Journal Article}
}

@article{RN55,
   author = {Thiebaut, R. and Thiessard, F. and Section Editors for the, Imia Yearbook Section on Public Health and Epidemiology, Informatics},
   title = {Artificial Intelligence in Public Health and Epidemiology},
   journal = {Yearb Med Inform},
   volume = {27},
   number = {1},
   pages = {207-210},
   ISSN = {2364-0502 (Electronic)
0943-4747 (Linking)},
   DOI = {10.1055/s-0038-1667082},
   url = {https://www.ncbi.nlm.nih.gov/pubmed/30157525
https://www.thieme-connect.com/products/ejournals/pdf/10.1055/s-0038-1667082.pdf},
   year = {2018},
   type = {Journal Article}
}

@misc{RN25,
   pages = {550-555},
   DOI= {10.1109/SmartTechCon.2017.8358432},
   url = {https://ieeexplore.ieee.org/ielx7/8356464/8358331/08358432.pdf?tp=&arnumber=8358432&isnumber=8358331&ref=},
   year = {2017},
   type = {Conference Paper}
}

@article{RN48,
   author = {Torii, M. and Yin, L. and Nguyen, T. and Mazumdar, C. T. and Liu, H. and Hartley, D. M. and Nelson, N. P.},
   title = {An exploratory study of a text classification framework for Internet-based surveillance of emerging epidemics},
   journal = {Int J Med Inform},
   volume = {80},
   number = {1},
   pages = {56-66},
   ISSN = {1872-8243 (Electronic)
1386-5056 (Linking)},
   DOI = {10.1016/j.ijmedinf.2010.10.015},
   url = {https://www.ncbi.nlm.nih.gov/pubmed/21134784
https://www.ncbi.nlm.nih.gov/pmc/articles/PMC3904285/pdf/nihms489492.pdf},
   year = {2011},
   type = {Journal Article}
}

@article{RN84,
   author = {Vaishya, R. and Javaid, M. and Khan, I. H. and Haleem, A.},
   title = {Artificial Intelligence (AI) applications for COVID-19 pandemic},
   journal = {Diabetes Metab Syndr},
   volume = {14},
   number = {4},
   pages = {337-339},
   ISSN = {1878-0334 (Electronic)
1871-4021 (Linking)},
   DOI = {10.1016/j.dsx.2020.04.012},
   url = {https://www.ncbi.nlm.nih.gov/pubmed/32305024
https://www.ncbi.nlm.nih.gov/pmc/articles/PMC7195043/pdf/main.pdf},
   year = {2020},
   type = {Journal Article}
}

@article{RN43,
   author = {Vilne, B. and Meistere, I. and Grantina-Ievina, L. and Kibilds, J.},
   title = {Machine Learning Approaches for Epidemiological Investigations of Food-Borne Disease Outbreaks},
   journal = {Front Microbiol},
   volume = {10},
   pages = {1722},
   ISSN = {1664-302X (Print)
1664-302X (Linking)},
   DOI = {10.3389/fmicb.2019.01722},
   url = {https://www.ncbi.nlm.nih.gov/pubmed/31447800},
   year = {2019},
   type = {Journal Article}
}

@article{RN81,
   author = {Vinod, D. N. and Prabaharan, S. R. S.},
   title = {Data science and the role of Artificial Intelligence in achieving the fast diagnosis of Covid-19},
   journal = {Chaos Solitons Fractals},
   volume = {140},
   pages = {110182},
   ISSN = {0960-0779 (Print)
0960-0779 (Linking)},
   DOI = {10.1016/j.chaos.2020.110182},
   url = {https://www.ncbi.nlm.nih.gov/pubmed/32834658
https://www.ncbi.nlm.nih.gov/pmc/articles/PMC7392156/pdf/main.pdf},
   year = {2020},
   type = {Journal Article}
}

@article{RN17,
   author = {Wakamiya, S. and Morita, M. and Kano, Y. and Ohkuma, T. and Aramaki, E.},
   title = {Tweet Classification Toward Twitter-Based Disease Surveillance: New Data, Methods, and Evaluations},
   journal = {J Med Internet Res},
   volume = {21},
   number = {2},
   pages = {e12783},
   ISSN = {1438-8871 (Electronic)
1438-8871 (Linking)},
   DOI = {10.2196/12783},
   url = {https://www.ncbi.nlm.nih.gov/pubmed/30785407},
   year = {2019},
   type = {Journal Article}
}

@article{RN128,
   author = {Walczak, Andrzej and Paczkowski, Micha≈Ç},
   title = {Medical data preprocessing for increased selectivity of diagnosis},
   journal = {Bio-Algorithms and Med-Systems},
   volume = {12},
   number = {1},
   ISSN = {1896-530X
1895-9091},
   DOI = {10.1515/bams-2015-0041},
   url = {https://www.degruyter.com/view/journals/bams/12/1/article-p39.xml},
   year = {2016},
   type = {Journal Article}
}

@article{RN4,
   author = {Walsh, D. P. and Ma, T. F. and Ip, H. S. and Zhu, J.},
   title = {Artificial intelligence and avian influenza: Using machine learning to enhance active surveillance for avian influenza viruses},
   journal = {Transbound Emerg Dis},
   volume = {66},
   number = {6},
   pages = {2537-2545},
   ISSN = {1865-1682 (Electronic)
1865-1674 (Linking)},
   DOI = {10.1111/tbed.13318},
   url = {https://www.ncbi.nlm.nih.gov/pubmed/31376332},
   year = {2019},
   type = {Journal Article}
}

@article{RN102,
   author = {Wang, Y. and Chen, Y. and Wei, Y. and Li, M. and Zhang, Y. and Zhang, N. and Zhao, S. and Zeng, H. and Deng, W. and Huang, Z. and Ye, Z. and Wan, S. and Song, B.},
   title = {Quantitative analysis of chest CT imaging findings with the risk of ARDS in COVID-19 patients: a preliminary study},
   journal = {Ann Transl Med},
   volume = {8},
   number = {9},
   pages = {594},
   ISSN = {2305-5839 (Print)
2305-5839 (Linking)},
   DOI = {10.21037/atm-20-3554},
   url = {https://www.ncbi.nlm.nih.gov/pubmed/32566621
https://www.ncbi.nlm.nih.gov/pmc/articles/PMC7290545/pdf/atm-08-09-594.pdf},
   year = {2020},
   type = {Journal Article}
}

@article{RN79,
   author = {Warman, A. and Warman, P. and Sharma, A. and Parikh, P. and Warman, R. and Viswanadhan, N. and Chen, L. and Mohapatra, S. and Mohapatra, S. and Sapiro, G.},
   title = {Interpretable Artificial Intelligence for COVID-19 Diagnosis from Chest CT Reveals Specificity of Ground-Glass Opacities},
   journal = {medRxiv},
   DOI = {10.1101/2020.05.16.20103408},
   url = {https://www.ncbi.nlm.nih.gov/pubmed/32511545
https://www.medrxiv.org/content/medrxiv/early/2020/05/22/2020.05.16.20103408.full.pdf},
   year = {2020},
   type = {Journal Article}
}

@article{RN23,
   author = {Weng, Cheng-Hsiung and Huang, Tony Cheng-Kui and Han, Ruo-Ping},
   title = {Disease prediction with different types of neural network classifiers},
   journal = {Telematics and Informatics},
   volume = {33},
   number = {2},
   pages = {277-292},
   ISSN = {07365853},
   DOI = {10.1016/j.tele.2015.08.006},
   url = {https://www.sciencedirect.com/science/article/abs/pii/S0736585315001057?via%3Dihub},
   year = {2016},
   type = {Journal Article}
}

@article{RN52,
   author = {Wesolowski, A. and Buckee, C. O. and Engo-Monsen, K. and Metcalf, C. J. E.},
   title = {Connecting Mobility to Infectious Diseases: The Promise and Limits of Mobile Phone Data},
   journal = {J Infect Dis},
   volume = {214},
   number = {suppl_4},
   pages = {S414-S420},
   ISSN = {1537-6613 (Electronic)
0022-1899 (Linking)},
   DOI = {10.1093/infdis/jiw273},
   url = {https://www.ncbi.nlm.nih.gov/pubmed/28830104
https://www.ncbi.nlm.nih.gov/pmc/articles/PMC5144902/pdf/jiw273.pdf},
   year = {2016},
   type = {Journal Article}
}

@article{RN132,
   author = {Wollenstein-Betech, S. and Cassandras, C. G. and Paschalidis, I. C.},
   title = {Personalized Predictive Models for Symptomatic COVID-19 Patients Using Basic Preconditions: Hospitalizations, Mortality, and the Need for an ICU or Ventilator},
   journal = {medRxiv},
   DOI = {10.1101/2020.05.03.20089813},
   url = {https://www.ncbi.nlm.nih.gov/pubmed/32511489
https://www.ncbi.nlm.nih.gov/pmc/articles/PMC7273257/pdf/nihpp-2020.05.03.20089813.pdf},
   year = {2020},
   type = {Journal Article}
}

@article{RN16,
   author = {Wong, Z. S. Y. and Zhou, J. and Zhang, Q.},
   title = {Artificial Intelligence for infectious disease Big Data Analytics},
   journal = {Infect Dis Health},
   volume = {24},
   number = {1},
   pages = {44-48},
   ISSN = {2468-0869 (Electronic)
2468-0451 (Linking)},
   DOI = {10.1016/j.idh.2018.10.002},
   url = {https://www.ncbi.nlm.nih.gov/pubmed/30541697
https://www.sciencedirect.com/science/article/abs/pii/S2468045118301445?via%3Dihub},
   year = {2019},
   type = {Journal Article}
}

@article{RN68,
   author = {Wu, G. and Yang, P. and Xie, Y. and Woodruff, H. C. and Rao, X. and Guiot, J. and Frix, A. N. and Louis, R. and Moutschen, M. and Li, J. and Li, J. and Yan, C. and Du, D. and Zhao, S. and Ding, Y. and Liu, B. and Sun, W. and Albarello, F. and D'Abramo, A. and Schinina, V. and Nicastri, E. and Occhipinti, M. and Barisione, G. and Barisione, E. and Halilaj, I. and Lovinfosse, P. and Wang, X. and Wu, J. and Lambin, P.},
   title = {Development of a clinical decision support system for severity risk prediction and triage of COVID-19 patients at hospital admission: an international multicentre study},
   journal = {Eur Respir J},
   volume = {56},
   number = {2},
   ISSN = {1399-3003 (Electronic)
0903-1936 (Linking)},
   DOI = {10.1183/13993003.01104-2020},
   url = {https://www.ncbi.nlm.nih.gov/pubmed/32616597
https://www.ncbi.nlm.nih.gov/pmc/articles/PMC7331655/pdf/ERJ-01104-2020.pdf},
   year = {2020},
   type = {Journal Article}
}

@article{RN44,
   author = {Yang, Z. and Zeng, Z. and Wang, K. and Wong, S. S. and Liang, W. and Zanin, M. and Liu, P. and Cao, X. and Gao, Z. and Mai, Z. and Liang, J. and Liu, X. and Li, S. and Li, Y. and Ye, F. and Guan, W. and Yang, Y. and Li, F. and Luo, S. and Xie, Y. and Liu, B. and Wang, Z. and Zhang, S. and Wang, Y. and Zhong, N. and He, J.},
   title = {Modified SEIR and AI prediction of the epidemics trend of COVID-19 in China under public health interventions},
   journal = {J Thorac Dis},
   volume = {12},
   number = {3},
   pages = {165-174},
   ISSN = {2072-1439 (Print)
2072-1439 (Linking)},
   DOI = {10.21037/jtd.2020.02.64},
   url = {https://www.ncbi.nlm.nih.gov/pubmed/32274081},
   year = {2020},
   type = {Journal Article}
}

@article{RN58,
   author = {Ye, J.},
   title = {The Role of Health Technology and Informatics in a Global Public Health Emergency: Practices and Implications From the COVID-19 Pandemic},
   journal = {JMIR Med Inform},
   volume = {8},
   number = {7},
   pages = {e19866},
   ISSN = {2291-9694 (Print)},
   DOI = {10.2196/19866},
   url = {https://www.ncbi.nlm.nih.gov/pubmed/32568725},
   year = {2020},
   type = {Journal Article}
}

@article{RN78,
   author = {Yoo, S. H. and Geng, H. and Chiu, T. L. and Yu, S. K. and Cho, D. C. and Heo, J. and Choi, M. S. and Choi, I. H. and Cung Van, C. and Nhung, N. V. and Min, B. J. and Lee, H.},
   title = {Deep Learning-Based Decision-Tree Classifier for COVID-19 Diagnosis From Chest X-ray Imaging},
   journal = {Front Med (Lausanne)},
   volume = {7},
   pages = {427},
   ISSN = {2296-858X (Print)
2296-858X (Linking)},
   DOI = {10.3389/fmed.2020.00427},
   url = {https://www.ncbi.nlm.nih.gov/pubmed/32760732
https://www.ncbi.nlm.nih.gov/pmc/articles/PMC7371960/pdf/fmed-07-00427.pdf},
   year = {2020},
   type = {Journal Article}
}

@article{RN80,
   author = {Yu, Z. and Li, X. and Sun, H. and Wang, J. and Zhao, T. and Chen, H. and Ma, Y. and Zhu, S. and Xie, Z.},
   title = {Rapid identification of COVID-19 severity in CT scans through classification of deep features},
   journal = {Biomed Eng Online},
   volume = {19},
   number = {1},
   pages = {63},
   ISSN = {1475-925X (Electronic)
1475-925X (Linking)},
   DOI = {10.1186/s12938-020-00807-x},
   url = {https://www.ncbi.nlm.nih.gov/pubmed/32787937
https://www.ncbi.nlm.nih.gov/pmc/articles/PMC7422684/pdf/12938_2020_Article_807.pdf},
   year = {2020},
   type = {Journal Article}
}

@article{RN131,
   author = {Zhao, Z. and Chen, A. and Hou, W. and Graham, J. M. and Li, H. and Richman, P. S. and Thode, H. C. and Singer, A. J. and Duong, T. Q.},
   title = {Prediction model and risk scores of ICU admission and mortality in COVID-19},
   journal = {PLoS One},
   volume = {15},
   number = {7},
   pages = {e0236618},
   ISSN = {1932-6203 (Electronic)
1932-6203 (Linking)},
   DOI = {10.1371/journal.pone.0236618},
   url = {https://www.ncbi.nlm.nih.gov/pubmed/32730358
https://www.ncbi.nlm.nih.gov/pmc/articles/PMC7392248/pdf/pone.0236618.pdf},
   year = {2020},
   type = {Journal Article}
}

@article{RN59,
   author = {Zhu, J. and Shen, B. and Abbasi, A. and Hoshmand-Kochi, M. and Li, H. and Duong, T. Q.},
   title = {Deep transfer learning artificial intelligence accurately stages COVID-19 lung disease severity on portable chest radiographs},
   journal = {PLoS One},
   volume = {15},
   number = {7},
   pages = {e0236621},
   ISSN = {1932-6203 (Electronic)
1932-6203 (Linking)},
   DOI = {10.1371/journal.pone.0236621},
   url = {https://www.ncbi.nlm.nih.gov/pubmed/32722697
https://www.ncbi.nlm.nih.gov/pmc/articles/PMC7386587/pdf/pone.0236621.pdf},
   year = {2020},
   type = {Journal Article}
}

@article{RN114,
   author = {Zhu, J. S. and Ge, P. and Jiang, C. and Zhang, Y. and Li, X. and Zhao, Z. and Zhang, L. and Duong, T. Q.},
   title = {Deep-learning artificial intelligence analysis of clinical variables predicts mortality in COVID-19 patients},
   journal = {J Am Coll Emerg Physicians Open},
   ISSN = {2688-1152 (Electronic)
2688-1152 (Linking)},
   DOI = {10.1002/emp2.12205},
   url = {https://www.ncbi.nlm.nih.gov/pubmed/32838390
https://www.ncbi.nlm.nih.gov/pmc/articles/PMC7405082/pdf/EMP2-9999-na.pdf},
   year = {2020},
   type = {Journal Article}
}

